@article{hessel2017rainbow,
  title={Rainbow: Combining improvements in deep reinforcement learning},
  author={Hessel, Matteo and Modayil, Joseph and Van Hasselt, Hado and Schaul, Tom and Ostrovski, Georg and Dabney, Will and Horgan, Dan and Piot, Bilal and Azar, Mohammad and Silver, David},
  journal={arXiv preprint arXiv:1710.02298},
  year={2017}
}

@inproceedings{kempka2016vizdoom,
  title={Vizdoom: A doom-based ai research platform for visual reinforcement learning},
  author={Kempka, Micha{\l} and Wydmuch, Marek and Runc, Grzegorz and Toczek, Jakub and Ja{\'s}kowski, Wojciech},
  booktitle={Computational Intelligence and Games (CIG), 2016 IEEE Conference on},
  pages={1--8},
  year={2016},
  organization={IEEE}
}

@inproceedings{chaplot2017arnold,
  title={Arnold: An Autonomous Agent to Play FPS Games.},
  author={Chaplot, Devendra Singh and Lample, Guillaume},
  booktitle={AAAI},
  pages={5085--5086},
  year={2017}
}

@article{schaul2015prioritized,
  title={Prioritized experience replay},
  author={Schaul, Tom and Quan, John and Antonoglou, Ioannis and Silver, David},
  journal={arXiv preprint arXiv:1511.05952},
  year={2015}
}

@article{wang2015dueling,
  title={Dueling network architectures for deep reinforcement learning},
  author={Wang, Ziyu and Schaul, Tom and Hessel, Matteo and Van Hasselt, Hado and Lanctot, Marc and De Freitas, Nando},
  journal={arXiv preprint arXiv:1511.06581},
  year={2015}
}

@book{sutton2018reinforcement,
  title={Reinforcement learning: An introduction},
  author={Sutton, Richard S and Barto, Andrew G},
  year={2018},
  publisher={MIT press}
}

@inproceedings{hasselt2010double,
  title={Double Q-learning},
  author={Hasselt, Hado V},
  booktitle={Advances in Neural Information Processing Systems},
  pages={2613--2621},
  year={2010}
}

@article{fortunato2017noisy,
  title={Noisy networks for exploration},
  author={Fortunato, Meire and Azar, Mohammad Gheshlaghi and Piot, Bilal and Menick, Jacob and Osband, Ian and Graves, Alex and Mnih, Vlad and Munos, Remi and Hassabis, Demis and Pietquin, Olivier and others},
  journal={arXiv preprint arXiv:1706.10295},
  year={2017}
}

@article{bellemare2017distributional,
  title={A distributional perspective on reinforcement learning},
  author={Bellemare, Marc G and Dabney, Will and Munos, R{\'e}mi},
  journal={arXiv preprint arXiv:1707.06887},
  year={2017}
}

@misc{lample2018,
  author = {Lample, Guillaume},
  title = {Arnold},
  year = {2018},
  publisher = {GitHub},
  journal = {GitHub repository},
  howpublished = {\url{https://github.com/glample/Arnold}},
}

@misc{kaixhin2018,
  author = {Arulkumaran, Kai},
  title = {Rainbow},
  year = {2018},
  publisher = {GitHub},
  journal = {GitHub repository},
  howpublished = {\url{https://github.com/Kaixhin/Rainbow}},
}

@misc{kenggraesser2017slmlab,
    author = {Wah Loon Keng, Laura Graesser},
    title = {SLM-Lab},
    year = {2017},
    publisher = {GitHub},
    journal = {GitHub repository},
    howpublished = {\url{https://github.com/kengz/SLM-Lab}},
}

@misc{fettes2018,
    author = {Fettes, Quintin},
    title = {DeepRL-Tutorials},
    year = {2018},
    publisher = {GitHub},
    journal = {GitHub repository},
    howpublished = {\url{https://github.com/qfettes/DeepRL-Tutorials}},
}

@article{mnih2015human,
  title={Human-level control through deep reinforcement learning},
  author={Mnih, Volodymyr and Kavukcuoglu, Koray and Silver, David and Rusu, Andrei A and Veness, Joel and Bellemare, Marc G and Graves, Alex and Riedmiller, Martin and Fidjeland, Andreas K and Ostrovski, Georg and others},
  journal={Nature},
  volume={518},
  number={7540},
  pages={529},
  year={2015},
  publisher={Nature Publishing Group}
}

@article{hausknecht2015deep,
  title={Deep recurrent q-learning for partially observable mdps},
  author={Hausknecht, Matthew and Stone, Peter},
  journal={CoRR, abs/1507.06527},
  volume={7},
  number={1},
  year={2015}
}

@article{wydmuch2018vizdoom,
  title={ViZDoom Competitions: Playing Doom from Pixels},
  author={Wydmuch, Marek and Kempka, Micha{\l} and Ja{\'s}kowski, Wojciech},
  journal={IEEE Transactions on Games},
  year={2018},
  publisher={IEEE}
}